@misc{ibge2022censo,
  author       = {Instituto Brasileiro de Geografia e Estatística (IBGE)},
  title        = {Censo Demográfico 2022},
  year         = 2022,
  url          = {https://www.ibge.gov.br/estatisticas/sociais/populacao/22827-censo-demografico-2022.html},
  note         = {Acesso em: 1 dez. 2024}
}

@misc{cns2022cenarios,
  author       = {Confederação Nacional de Saúde (CNS)},
  title        = {Cenários da Saúde: Edição 2022},
  year         = 2022,
  url          = {http://cnsaude.org.br/wp-content/uploads/2022/07/CNSAUDE-FBH-CENARIOS-2022.pdf},
  note         = {Acesso em: 1 dez. 2024}
}

@misc{basedosdados2022_datasus,
  author       = {Base dos Dados e DataSUS},
  title        = {Base dos Dados: Informações sobre saúde pública no Brasil},
  year         = 2022,
  url          = {https://basedosdados.org/dataset/354d6d98-bc09-4e22-a58a-e4eac3a5283c?raw_data_source=25b50015-4806-46bb-8701-c0dda42123b5},
  note         = {Dados extraídos do DataSUS e processados pela Base dos Dados. Acesso em: 1 dez. 2024}
}

@manual{walker2023census,
  title        = {Modeling US Census Data in R},
  author       = {Kyle Walker},
  year         = {2023},
  url          = {https://walker-data.com/census-r/modeling-us-census-data.html},
  note         = {Acessado em: 2 de dezembro de 2024},
}

@article{verma_geographical_2020,
	title = {Geographical accessibility and spatial coverage modelling of public health care network in rural and remote {India}},
	volume = {15},
	issn = {1932-6203},
	url = {https://dx.plos.org/10.1371/journal.pone.0239326},
	doi = {10.1371/journal.pone.0239326},
	language = {en},
	number = {10},
	urldate = {2024-12-03},
	journal = {PLOS ONE},
	author = {Verma, Veenapani Rajeev and Dash, Umakant},
	editor = {Joe, William},
	month = oct,
	year = {2020},
	pages = {e0239326},
}

